@article{article1,
   author = {Albert Benedict Author and Claudius Dominic Author},
    title = {Example of title 1 not printed in the bibliography},
  journal = {JGR},
     year = 1997,
   volume = 90,
    pages = {1151–1154},
      url = {https://domain.tld},
}
@article{article2,
   author = {{Author E. F.} and {Author E. F.} and {Author E. F.} and {Author E. F.} and {Author E. F.}},
    title = {Example of title 2 not printed in the bibliography},
  journal = {Meteoritics \& Planet. Sci.},
     year = 1997,
   volume = {32, A74},
      url = {https://domain.tld},
}
@article{article3,
   author = {G. H. Author},
    title = {Example of title 3 not printed in the bibliography},
  journal = {LPS XXVII},
     year = 1996,
    pages = {1344–1345},
      url = {https://domain.tld},
}
@article{article4,
   author = {I. J. Author},
    title = {Example of title 4 not printed in the bibliography},
  journal = {LPS XXXIII},
     year = 2002,
   volume = {Abstract \#1402},
      url = {https://domain.tld},
}